<record><leader>00000cas a2200000 a 4500</leader><controlfield tag="001">18488556</controlfield><controlfield tag="008">880915u18uuuuuuksuwr ne      0    0eng d</controlfield><datafield ind1=" " ind2=" " tag="010"><subfield code="a">sn 88061213 </subfield></datafield><datafield ind1=" " ind2=" " tag="040"><subfield code="a">KNP</subfield><subfield code="b">eng</subfield><subfield code="c">KNP</subfield><subfield code="d">OCL</subfield><subfield code="d">OCLCQ</subfield></datafield><datafield ind1=" " ind2=" " tag="042"><subfield code="a">msc</subfield></datafield><datafield ind1=" " ind2=" " tag="043"><subfield code="a">n-us-ks</subfield></datafield><datafield ind1="0" ind2=" " tag="130"><subfield code="a">Florence pioneer (Florence, Kan.)</subfield></datafield><datafield ind1="1" ind2="0" tag="245"><subfield code="a">Florence pioneer.</subfield></datafield><datafield ind1=" " ind2=" " tag="260"><subfield code="a">Florence, Kan. :</subfield><subfield code="b">E.W. Hoch</subfield></datafield><datafield ind1=" " ind2=" " tag="300"><subfield code="a">v.</subfield></datafield><datafield ind1=" " ind2=" " tag="310"><subfield code="a">Weekly</subfield></datafield><datafield ind1=" " ind2=" " tag="588"><subfield code="a">Description based on: Vol. 3, no. 20 (Sept. 13, 1873).</subfield></datafield><datafield ind1=" " ind2="0" tag="651"><subfield code="a">Florence (Kan.)</subfield><subfield code="v">Newspapers.</subfield></datafield><datafield ind1=" " ind2=" " tag="752"><subfield code="a">United States</subfield><subfield code="b">Kansas</subfield><subfield code="c">Marion</subfield><subfield code="d">Florence.</subfield></datafield><datafield ind1="1" ind2=" " tag="029"><subfield code="a">AU@</subfield><subfield code="b">000020237158</subfield></datafield></record>